@misc{css2,
  author       = {B. Pickle},
  howpublished = {Internet: \url{https://techterms.com/definition/css}, Mar. 7, 2023},
  title        = {CSS},
  note         = {[Oct. 17, 2024]}
}
@misc{html1,
  author       = {P. Sripornkomolrat},
  howpublished = {Internet: \url{https://searchstudio.co.th/th/seo/what-is-html/}, Sep. 28, 2023},
  title        = {HTML คืออะไร? โครงสร้างเว็บไซต์เบื้องต้นที่ควรทำความเข้าใจ.},
  note         = {[Oct. 16, 2024]}
}
@misc{css1,
  author       = {Javatpoint},
  howpublished = {Internet: \url{https://www.javatpoint.com/what-is-css}},
  title        = {What is CSS},
  note         = {[Oct. 17, 2024]}
}
@misc{javascript1,
  author       = {AWS},
  howpublished = {Internet: \url{https://aws.amazon.com/th/what-is/javascript/}},
  title        = {Javascript คืออะไร},
  note         = {[Oct. 16, 2024]}
}
@misc{javascript2,
  author       = {D. Clinton},
  howpublished = {Internet: \url{https://www.freecodecamp.org/news/manipulate-html-and-css-using-javascript/}},
  title        = {Javascript คืออะไร},
  note         = {[Oct. 16, 2024]}
}
@misc{react1,
  author       = {D. Herbert},
  title        = {What is react.js? uses, examples, \& more.},
  howpublished = {Internet: \url{https://blog.hubspot.com/website/react-js?uuid=285466bb-04e0-443f-9848-6e12b58b3831}, Nov. 13, 2023},
  note         = {[Oct. 17, 2024]}
}
@misc{react2,
  author       = {Sanity},
  howpublished = {Internet: \url{https://www.sanity.io/glossary/react-js}, Aug. 23, 2024},
  title        = {React.js overview},
  note         = {[Oct. 17, 2024]}
}
@misc{mui,
  author       = {Material UI},
  howpublished = {Internet: \url{https://mui.com/material-ui/getting-started/}},
  title        = {Material UI - Overview},
  note         = {[Oct. 17, 2024]}
}
@misc{mui2,
  author       = {S. Chikaral},
  howpublished = {Internet: \url{https://pwskills.com/blog/material-ui/}, Oct. 3, 2024},
  note         = {[Oct. 17, 2024]},
  title        = {What Is Material UI In React?}
}
@misc{json,
  author       = {DH Team},
  howpublished = {Internet: \url{https://devhub.in.th/blog/what-is-json}, Feb. 27, 2024},
  title        = {JSON คืออะไร? พร้อมวิธีการใช้งาน},
  note         = {[Oct. 17, 2024]}
}
@misc{restapi,
  author       = {Red Hat},
  howpublished = {Internet: \url{https://www.redhat.com/en/topics/api/what-is-a-rest-api}, May. 8, 2020},
  title        = {What is a REST API?},
  note         = {[Oct. 17, 2024]}
}
@misc{node1,
  author       = {Codeinggun},
  howpublished = {Internet: \url{https://codinggun.com/javascript/node-js/}, Apr. 23, 2024},
  title        = {Node.js คืออะไร?},
  note         = {[Oct. 17, 2024]}
}
@misc{node2,
  author       = {Marcuscode},
  howpublished = {Internet: \url{https://marcuscode.com/tutorials/nodejs/introducing-nodejs}, Mar. 1, 2021},
  title        = {ทำความรู้จักกับ Node.js},
  note         = {[Oct. 17, 2024]}
}
@misc{express1,
  author       = {S. Sinha},
  howpublished = {Internet: \url{https://www.scaler.com/topics/expressjs-tutorial/what-is-express-js/}, Feb. 3, 2024},
  title        = {What Is Express.js?},
  note         = {[Oct. 18, 2024]}
}
@misc{express2,
  author       = {Souravsharma098},
  howpublished = {Internet: \url{https://www.geeksforgeeks.org/express-js/}, Oct. 9, 2024},
  title        = {Express.js Tutorial},
  note         = {[Oct. 18, 2024]}
}
@misc{mongoose,
  author       = {N. Karnik},
  howpublished = {Internet: \url{https://www.freecodecamp.org/news/introduction-to-mongoose-for-mongodb-d2a7aa593c57/}, Feb. 11, 2018},
  title        = {Introduction to Mongoose for MongoDB},
  note         = {[Oct. 18, 2024]}
}
@misc{nosql,
  author       = {MongoDB},
  howpublished = {Internet: \url{https://www.mongodb.com/resources/basics/databases/nosql-explained}},
  title        = {What is NoSQL?},
  note         = {[Oct. 18, 2024]}
}
@misc{mongodb,
  author       = {J. Osman},
  howpublished = {Internet: \url{https://appmaster.io/th/blog/mongodb-khuue-aair}, Dec. 27, 2022},
  title        = {MongoDB คืออะไร},
  year         = {[Oct. 18, 2024]}
}
@misc{jwt1,
  author       = {M. Ibrahim},
  howpublished = {Internet: \url{https://supertokens.com/blog/what-is-jwt}, Aug. 2, 2024},
  title        = {What is a JWT? Understanding JSON Web Tokens},
  note         = {[Oct. 18, 2024]}
}
@misc{jwt2,
  author       = {Sanity},
  howpublished = {Internet: \url{https://www.sanity.io/glossary/json-web-token}, Aug. 23, 2024},
  title        = {JSON Web Token definition},
  note         = {[Oct. 18, 2024]}
}
@misc{oauth1,
  author       = {Swagger},
  howpublished = {Internet: \url{https://swagger.io/docs/specification/v3_0/authentication/oauth2/}},
  title        = {OAuth 2.0},
  note         = {[Oct. 18, 2024]}
}
@misc{oauth2,
  author       = {G. Bello},
  howpublished = {Internet: \url{https://blog.postman.com/what-is-oauth-2-0/}, Sep. 7, 2023},
  title        = {What is OAuth 2.0?},
  note         = {[Oct. 18, 2024]}
}